<?xml version="1.0" encoding="UTF-8"?><collection xmlns="http://www.loc.gov/MARC21/slim"><record><leader>00309nam--2200121-i-4500</leader><controlfield tag="001">000025247</controlfield><controlfield tag="002">20161230</controlfield><controlfield tag="005">20161230201035</controlfield><controlfield tag="008">060222s1000------------r-----000-0-eng-d</controlfield><datafield ind1=" " ind2=" " tag="245"><subfield code="a">Inorganic polymers</subfield></datafield><datafield ind1=" " ind2=" " tag="260"><subfield code="a">New York, Academic Press, 1962. Xi + 631p</subfield></datafield><datafield ind1=" " ind2=" " tag="700"><subfield code="a">F.G.A.Stone And W.A.G/Graham</subfield></datafield><datafield ind1=" " ind2=" " tag="852"><subfield code="a">18648</subfield></datafield></record></collection>